

@book{white, 
    place={Cambridge}, 
    title={Galaxy Formation and Evolution}, 
    DOI={10.1017/CBO9780511807244}, 
    publisher={Cambridge University Press}, 
    author={Mo, Houjun and van den Bosch, Frank and White, Simon}, 
    year={2010}
}

@article{Boveia2018,
   title={Dark Matter Searches at Colliders},
   volume={68},
   ISSN={1545-4134},
   url={http://dx.doi.org/10.1146/annurev-nucl-101917-021008},
   DOI={10.1146/annurev-nucl-101917-021008},
   number={1},
   journal={Annual Review of Nuclear and Particle Science},
   publisher={Annual Reviews},
   author={Boveia, Antonio and Doglioni, Caterina},
   year={2018},
   month= oct,
   pages={429–459}
}

@ARTICLE{Frenk1983,
       author = {{Frenk}, C.~S. and {White}, S.~D.~M. and {Davis}, M.},
        title = "{Nonlinear evolution of large-scale structure in the universe}",
      journal = {The Astrophysical Journal},
     keywords = {Astronomical Models, Cosmology, Galactic Evolution, Correlation, Many Body Problem, Neutrinos, Poisson Density Functions, Quasars, Temporal Distribution, Velocity Distribution, Astrophysics},
         year = 1983,
        month = aug,
       volume = {271},
        pages = {417-430},
          doi = {10.1086/161209},
       adsurl = {https://ui.adsabs.harvard.edu/abs/1983ApJ...271..417F},
      adsnote = {Provided by the SAO/NASA Astrophysics Data System}
}

@ARTICLE{Navarro1996,
       author = {{Navarro}, Julio F. and {Frenk}, Carlos S. and {White}, Simon D.~M.},
        title = "{The Structure of Cold Dark Matter Halos}",
      journal = {The Astrophysical Journal},
     keywords = {COSMOLOGY: THEORY, COSMOLOGY: DARK MATTER, GALAXIES: HALOS, METHODS: NUMERICAL, Astrophysics},
         year = 1996,
        month = may,
       volume = {462},
        pages = {563},
          doi = {10.1086/177173},
archivePrefix = {arXiv},
       eprint = {astro-ph/9508025},
 primaryClass = {astro-ph},
       adsurl = {https://ui.adsabs.harvard.edu/abs/1996ApJ...462..563N},
      adsnote = {Provided by the SAO/NASA Astrophysics Data System}
}

@ARTICLE{Behroozi2013,
       author = {{Behroozi}, Peter S. and {Wechsler}, Risa H. and {Conroy}, Charlie},
        title = "{The Average Star Formation Histories of Galaxies in Dark Matter Halos from z = 0-8}",
      journal = {The Astrophysical Journal},
     keywords = {dark matter, galaxies: abundances, galaxies: evolution, methods: numerical, Astrophysics - Cosmology and Extragalactic Astrophysics},
         year = 2013,
        month = jun,
       volume = {770},
       number = {1},
          eid = {57},
        pages = {57},
          doi = {10.1088/0004-637X/770/1/57},
archivePrefix = {arXiv},
       eprint = {1207.6105},
 primaryClass = {astro-ph.CO},
       adsurl = {https://ui.adsabs.harvard.edu/abs/2013ApJ...770...57B},
      adsnote = {Provided by the SAO/NASA Astrophysics Data System}
}

@article{Moster2012,
   title={Galactic star formation and accretion histories from matching galaxies to dark matter haloes},
   volume={428},
   ISSN={1365-2966},
   url={http://dx.doi.org/10.1093/mnras/sts261},
   DOI={10.1093/mnras/sts261},
   number={4},
   journal={Monthly Notices of the Royal Astronomical Society},
   publisher={Oxford University Press (OUP)},
   author={Moster, Benjamin P. and Naab, Thorsten and White, Simon D. M.},
   year={2012},
   month=dec,
   pages={3121–3138}
}

@ARTICLE{TullyFisher1977,
       author = {{Tully}, R.~B. and {Fisher}, J.~R.},
        title = "{Reprint of 1977A\&A....54..661T. A new method of determining distance to galaxies.}",
      journal = {The Astrophysical Journal},
     keywords = {Distance Measuring Equipment, H Lines, Luminous Intensity, Spectral Line Width, Spiral Galaxies, Telescopes, Astronomical Photometry, Calibrating, Galactic Clusters, Galactic Structure, Hubble Diagram, Synoptic Measurement, Astronomy},
         year = 1977,
        month = feb,
       volume = {500},
        pages = {105-117},
       adsurl = {https://ui.adsabs.harvard.edu/abs/1977A\&A....54..661T},
      adsnote = {Provided by the SAO/NASA Astrophysics Data System}
}

@ARTICLE{FaberJackson1976,
       author = {{Faber}, S.~M. and {Jackson}, R.~E.},
        title = "{Velocity dispersions and mass-to-light ratios for elliptical galaxies.}",
      journal = {The Astrophysical Journal},
     keywords = {Elliptical Galaxies, Galactic Nuclei, Mass To Light Ratios, Power Spectra, Velocity Distribution, Astronomical Spectroscopy, Data Reduction, Light (Visible Radiation), M Stars, Noise Spectra, Spectral Line Width, Astrophysics},
         year = 1976,
        month = mar,
       volume = {204},
        pages = {668-683},
          doi = {10.1086/154215},
       adsurl = {https://ui.adsabs.harvard.edu/abs/1976ApJ...204..668F},
      adsnote = {Provided by the SAO/NASA Astrophysics Data System}
}

@ARTICLE{Djorgovski1987,
       author = {{Djorgovski}, S. and {Davis}, Marc},
        title = "{Fundamental Properties of Elliptical Galaxies}",
      journal = {The Astrophysical Journal},
     keywords = {Astronomical Photometry, Elliptical Galaxies, Galactic Rotation, Galactic Structure, Cosmology, Galactic Evolution, Mass To Light Ratios, Velocity Distribution, Astrophysics, COSMOLOGY, GALAXIES: INTERNAL MOTIONS, GALAXIES: PHOTOMETRY, GALAXIES: STRUCTURE},
         year = 1987,
        month = feb,
       volume = {313},
        pages = {59},
          doi = {10.1086/164948},
       adsurl = {https://ui.adsabs.harvard.edu/abs/1987ApJ...313...59D},
      adsnote = {Provided by the SAO/NASA Astrophysics Data System}
}

@ARTICLE{Hubble1926,
       author = {{Hubble}, E.~P.},
        title = "{Extragalactic nebulae.}",
      journal = {The Astrophysical Journal},
         year = 1926,
        month = dec,
       volume = {64},
        pages = {321-369},
          doi = {10.1086/143018},
       adsurl = {https://ui.adsabs.harvard.edu/abs/1926ApJ....64..321H},
      adsnote = {Provided by the SAO/NASA Astrophysics Data System}
}

@article{Weinberger2016,
   title={Simulating galaxy formation with black hole driven thermal and kinetic feedback},
   volume={465},
   ISSN={1365-2966},
   url={http://dx.doi.org/10.1093/mnras/stw2944},
   DOI={10.1093/mnras/stw2944},
   number={3},
   journal={Monthly Notices of the Royal Astronomical Society},
   publisher={Oxford University Press (OUP)},
   author={Weinberger, Rainer and Springel, Volker and Hernquist, Lars and Pillepich, Annalisa and Marinacci, Federico and Pakmor, Rüdiger and Nelson, Dylan and Genel, Shy and Vogelsberger, Mark and Naiman, Jill and et al.},
   year={2016},
   month= nov,
   pages={3291–3308}
}

@article{Barat2019,
   title={The SAMI Galaxy Survey: mass–kinematics scaling relations},
   volume={487},
   ISSN={1365-2966},
   url={http://dx.doi.org/10.1093/mnras/stz1439},
   DOI={10.1093/mnras/stz1439},
   number={2},
   journal={Monthly Notices of the Royal Astronomical Society},
   publisher={Oxford University Press (OUP)},
   author={Barat, Dilyar and D’Eugenio, Francesco and Colless, Matthew and Brough, Sarah and Catinella, Barbara and Cortese, Luca and Croom, Scott M and Medling, Anne M and Oh, Sree and van de Sande, Jesse and et al.},
   year={2019},
   month={May},
   pages={2924–2936}
}

@article{Sande2018,
   title={The SAMI Galaxy Survey: comparing 3D spectroscopic observations with galaxies from cosmological hydrodynamical simulations},
   volume={484},
   ISSN={1365-2966},
   url={http://dx.doi.org/10.1093/mnras/sty3506},
   DOI={10.1093/mnras/sty3506},
   number={1},
   journal={Monthly Notices of the Royal Astronomical Society},
   publisher={Oxford University Press (OUP)},
   author={van de Sande, Jesse and Lagos, Claudia D P and Welker, Charlotte and Bland-Hawthorn, Joss and Schulze, Felix and Remus, Rhea-Silvia and Bahé, Yannick and Brough, Sarah and Bryant, Julia J and Cortese, Luca and et al.},
   year={2018},
   month= dec,
   pages={869–891}
}

@article{Bloom2017,
   title={The SAMI Galaxy Survey: the low-redshift stellar mass Tully–Fisher relation},
   volume={472},
   ISSN={1365-2966},
   url={http://dx.doi.org/10.1093/mnras/stx1701},
   DOI={10.1093/mnras/stx1701},
   number={2},
   journal={Monthly Notices of the Royal Astronomical Society},
   publisher={Oxford University Press (OUP)},
   author={Bloom, J. V. and Croom, S. M. and Bryant, J. J. and Callingham, J. R. and Schaefer, A. L. and Cortese, L. and Hopkins, A. M. and D’Eugenio, F. and Scott, N. and Glazebrook, K. and et al.},
   year={2017},
   month=jul,
   pages={1809–1824}
}

@article{Scott2018,
   title={The SAMI Galaxy Survey: Data Release Two with absorption-line physics value-added products},
   volume={481},
   ISSN={1365-2966},
   url={http://dx.doi.org/10.1093/mnras/sty2355},
   DOI={10.1093/mnras/sty2355},
   number={2},
   journal={Monthly Notices of the Royal Astronomical Society},
   publisher={Oxford University Press (OUP)},
   author={Scott, Nicholas and van de Sande, Jesse and Croom, Scott M and Groves, Brent and Owers, Matt S and Poetrodjojo, Henry and D’Eugenio, Francesco and Medling, Anne M and Barat, Dilyar and Barone, Tania M and et al.},
   year={2018},
   month=aug,
   pages={2299–2319}
}

@article{Genel2017,
   title={The size evolution of star-forming and quenched galaxies in the IllustrisTNG simulation},
   volume={474},
   ISSN={1365-2966},
   url={http://dx.doi.org/10.1093/mnras/stx3078},
   DOI={10.1093/mnras/stx3078},
   number={3},
   journal={Monthly Notices of the Royal Astronomical Society},
   publisher={Oxford University Press (OUP)},
   author={Genel, Shy and Nelson, Dylan and Pillepich, Annalisa and Springel, Volker and Pakmor, Rüdiger and Weinberger, Rainer and Hernquist, Lars and Naiman, Jill and Vogelsberger, Mark and Marinacci, Federico and et al.},
   year={2017},
   month=nov,
   pages={3976–3996}
}

@article{Kelvin2012,
   title={Galaxy And Mass Assembly (GAMA): Structural Investigation of Galaxies via Model Analysis},
   volume={421},
   ISSN={0035-8711},
   url={http://dx.doi.org/10.1111/j.1365-2966.2012.20355.x},
   DOI={10.1111/j.1365-2966.2012.20355.x},
   number={2},
   journal={Monthly Notices of the Royal Astronomical Society},
   publisher={Oxford University Press (OUP)},
   author={Kelvin, Lee S. and Driver, Simon P. and Robotham, Aaron S. G. and Hill, David T. and Alpaslan, Mehmet and Baldry, Ivan K. and Bamford, Steven P. and Bland-Hawthorn, Joss and Brough, Sarah and Graham, Alister W. and et al.},
   year={2012},
   month=mar,
   pages={1007–1039}
}

@article{Conselice2016,
   title={The evolution of galaxy number density at {$z < 8$} and its implications},
   volume={830},
   ISSN={1538-4357},
   url={http://dx.doi.org/10.3847/0004-637X/830/2/83},
   DOI={10.3847/0004-637x/830/2/83},
   number={2},
   journal={The Astrophysical Journal},
   publisher={American Astronomical Society},
   author={Conselice, Christopher J. and Wilkinson, Aaron and Duncan, Kenneth and Mortlock, Alice},
   year={2016},
   month=oct,
   pages={83}
}

@ARTICLE{Schechter1976,
       author = {{Schechter}, P.},
        title = {An analytic expression for the luminosity function for galaxies.},
      journal = {The Astrophysical Journal},
         year = {1976},
        month = jan,
       volume = {203},
        pages = {297-306},
          doi = {10.1086/154079},
       adsurl = {https://ui.adsabs.harvard.edu/abs/1976ApJ...203..297S},
      adsnote = {Provided by the SAO/NASA Astrophysics Data System}
}

@ARTICLE{Press1974,
       author = {{Press}, William H. and {Schechter}},
        title = {Formation of Galaxies and Clusters of Galaxies by Self-Similar Gravitational Condensation},
      journal = {The Astrophysical Journal},
         year = {1974},
        month = feb,
       volume = {187},
        pages = {425-438},
          doi = {10.1086/152650},
       adsurl = {https://ui.adsabs.harvard.edu/abs/1974ApJ...187..425P},
      adsnote = {Provided by the SAO/NASA Astrophysics Data System}
}

@ARTICLE{Tinker2008,
       author = {{Tinker}, Jeremy and {Kravtsov}, Andrey V. and {Klypin}, Anatoly and
         {Abazajian}, Kevork and {Warren}, Michael and {Yepes}, Gustavo and
         {Gottl{\"o}ber}, Stefan and {Holz}, Daniel E.},
        title = {Toward a Halo Mass Function for Precision Cosmology: The Limits of Universality},
      journal = {The Astrophysical Journal},
     keywords = {cosmology: theory, large-scale structure of universe, methods: numerical, Astrophysics},
         year = {2008},
        month = dec,
       volume = {688},
       number = {2},
        pages = {709-728},
          doi = {10.1086/591439},
archivePrefix = {arXiv},
       eprint = {0803.2706},
 primaryClass = {astro-ph},
       adsurl = {https://ui.adsabs.harvard.edu/abs/2008ApJ...688..709T},
      adsnote = {Provided by the SAO/NASA Astrophysics Data System}
}

@article{Zasov2017,
   title={Dark matter in galaxies},
   volume={60},
   ISSN={1468-4780},
   url={http://dx.doi.org/10.3367/UFNe.2016.03.037751},
   DOI={10.3367/ufne.2016.03.037751},
   number={1},
   journal={Physics-Uspekhi},
   publisher={Uspekhi Fizicheskikh Nauk (UFN) Journal},
   author={Zasov, A V and Saburova, A S and Khoperskov, A V and Khoperskov, S A},
   year={2017},
   month=jan,
   pages={3–39}
}


@BOOK{Mo2010,
       author = {{Mo}, Houjun and {van den Bosch}, Frank C. and {White}, Simon},
        title = {Galaxy Formation and Evolution},
         year = {2010},
       adsurl = {https://ui.adsabs.harvard.edu/abs/2010gfe..book.....M},
      adsnote = {Provided by the SAO/NASA Astrophysics Data System}
}


@article{Ferrarese2000,
   title={A Fundamental Relation between Supermassive Black Holes and Their Host Galaxies},
   volume={539},
   ISSN={0004-637X},
   url={http://dx.doi.org/10.1086/312838},
   DOI={10.1086/312838},
   number={1},
   journal={The Astrophysical Journal},
   publisher={American Astronomical Society},
   author={Ferrarese, Laura and Merritt, David},
   year={2000},
   month=aug,
   pages={L9–L12}
}

@article{Tundo2007,
   title={On the Inconsistency between the Black Hole Mass Function Inferred from $M_{\odot}‐\sigma$ and $M_{\odot}‐L$ Correlations},
   volume={663},
   ISSN={1538-4357},
   url={http://dx.doi.org/10.1086/518225},
   DOI={10.1086/518225},
   number={1},
   journal={The Astrophysical Journal},
   publisher={American Astronomical Society},
   author={Tundo, Elena and Bernardi, Mariangela and Hyde, Joseph B. and Sheth, Ravi K. and Pizzella, Alessandro},
   year={2007},
   month=jul,
   pages={53–60}
}

@article{Croton2013,
   title={Damn You, Little h! (Or, Real-World Applications of the Hubble Constant Using Observed and Simulated Data)},
   volume={30},
   ISSN={1448-6083},
   url={http://dx.doi.org/10.1017/pasa.2013.31},
   DOI={10.1017/pasa.2013.31},
   journal={Publications of the Astronomical Society of Australia},
   publisher={Cambridge University Press (CUP)},
   author={Croton, Darren J.},
   year={2013}
}

@ARTICLE{Planck2016,
       author = {{Planck Collaboration} and {Ade}, P.~A.~R. and {Aghanim}, N. and {Arnaud}, M. and {Ashdown}, M. and {Aumont}, J. and {Baccigalupi}, C. and {Banday}, A.~J. and {Barreiro}, R.~B. and {Bartlett}, J.~G. and {Bartolo}, N. and {Battaner}, E. and {Battye}, R. and {Benabed}, K. and {Beno{\^\i}t}, A. and {Benoit-L{\'e}vy}, A. and {Bernard}, J. -P. and {Bersanelli}, M. and {Bielewicz}, P. and {Bock}, J.~J. and {Bonaldi}, A. and {Bonavera}, L. and {Bond}, J.~R. and {Borrill}, J. and {Bouchet}, F.~R. and {Boulanger}, F. and {Bucher}, M. and {Burigana}, C. and {Butler}, R.~C. and {Calabrese}, E. and {Cardoso}, J. -F. and {Catalano}, A. and {Challinor}, A. and {Chamballu}, A. and {Chary}, R. -R. and {Chiang}, H.~C. and {Chluba}, J. and {Christensen}, P.~R. and {Church}, S. and {Clements}, D.~L. and {Colombi}, S. and {Colombo}, L.~P.~L. and {Combet}, C. and {Coulais}, A. and {Crill}, B.~P. and {Curto}, A. and {Cuttaia}, F. and {Danese}, L. and {Davies}, R.~D. and {Davis}, R.~J. and {de Bernardis}, P. and {de Rosa}, A. and {de Zotti}, G. and {Delabrouille}, J. and {D{\'e}sert}, F. -X. and {Di Valentino}, E. and {Dickinson}, C. and {Diego}, J.~M. and {Dolag}, K. and {Dole}, H. and {Donzelli}, S. and {Dor{\'e}}, O. and {Douspis}, M. and {Ducout}, A. and {Dunkley}, J. and {Dupac}, X. and {Efstathiou}, G. and {Elsner}, F. and {En{\ss}lin}, T.~A. and {Eriksen}, H.~K. and {Farhang}, M. and {Fergusson}, J. and {Finelli}, F. and {Forni}, O. and {Frailis}, M. and {Fraisse}, A.~A. and {Franceschi}, E. and {Frejsel}, A. and {Galeotta}, S. and {Galli}, S. and {Ganga}, K. and {Gauthier}, C. and {Gerbino}, M. and {Ghosh}, T. and {Giard}, M. and {Giraud-H{\'e}raud}, Y. and {Giusarma}, E. and {Gjerl{\o}w}, E. and {Gonz{\'a}lez-Nuevo}, J. and {G{\'o}rski}, K.~M. and {Gratton}, S. and {Gregorio}, A. and {Gruppuso}, A. and {Gudmundsson}, J.~E. and {Hamann}, J. and {Hansen}, F.~K. and {Hanson}, D. and {Harrison}, D.~L. and {Helou}, G. and {Henrot-Versill{\'e}}, S. and {Hern{\'a}ndez-Monteagudo}, C. and {Herranz}, D. and {Hildebrandt}, S.~R. and {Hivon}, E. and {Hobson}, M. and {Holmes}, W.~A. and {Hornstrup}, A. and {Hovest}, W. and {Huang}, Z. and {Huffenberger}, K.~M. and {Hurier}, G. and {Jaffe}, A.~H. and {Jaffe}, T.~R. and {Jones}, W.~C. and {Juvela}, M. and {Keih{\"a}nen}, E. and {Keskitalo}, R. and {Kisner}, T.~S. and {Kneissl}, R. and {Knoche}, J. and {Knox}, L. and {Kunz}, M. and {Kurki-Suonio}, H. and {Lagache}, G. and {L{\"a}hteenm{\"a}ki}, A. and {Lamarre}, J. -M. and {Lasenby}, A. and {Lattanzi}, M. and {Lawrence}, C.~R. and {Leahy}, J.~P. and {Leonardi}, R. and {Lesgourgues}, J. and {Levrier}, F. and {Lewis}, A. and {Liguori}, M. and {Lilje}, P.~B. and {Linden-V{\o}rnle}, M. and {L{\'o}pez-Caniego}, M. and {Lubin}, P.~M. and {Mac{\'\i}as-P{\'e}rez}, J.~F. and {Maggio}, G. and {Maino}, D. and {Mandolesi}, N. and {Mangilli}, A. and {Marchini}, A. and {Maris}, M. and {Martin}, P.~G. and {Martinelli}, M. and {Mart{\'\i}nez-Gonz{\'a}lez}, E. and {Masi}, S. and {Matarrese}, S. and {McGehee}, P. and {Meinhold}, P.~R. and {Melchiorri}, A. and {Melin}, J. -B. and {Mendes}, L. and {Mennella}, A. and {Migliaccio}, M. and {Millea}, M. and {Mitra}, S. and {Miville-Desch{\^e}nes}, M. -A. and {Moneti}, A. and {Montier}, L. and {Morgante}, G. and {Mortlock}, D. and {Moss}, A. and {Munshi}, D. and {Murphy}, J.~A. and {Naselsky}, P. and {Nati}, F. and {Natoli}, P. and {Netterfield}, C.~B. and {N{\o}rgaard-Nielsen}, H.~U. and {Noviello}, F. and {Novikov}, D. and {Novikov}, I. and {Oxborrow}, C.~A. and {Paci}, F. and {Pagano}, L. and {Pajot}, F. and {Paladini}, R. and {Paoletti}, D. and {Partridge}, B. and {Pasian}, F. and {Patanchon}, G. and {Pearson}, T.~J. and {Perdereau}, O. and {Perotto}, L. and {Perrotta}, F. and {Pettorino}, V. and {Piacentini}, F. and {Piat}, M. and {Pierpaoli}, E. and {Pietrobon}, D. and {Plaszczynski}, S. and {Pointecouteau}, E. and {Polenta}, G. and {Popa}, L. and {Pratt}, G.~W. and {Pr{\'e}zeau}, G. and {Prunet}, S. and {Puget}, J. -L. and {Rachen}, J.~P. and {Reach}, W.~T. and {Rebolo}, R. and {Reinecke}, M. and {Remazeilles}, M. and {Renault}, C. and {Renzi}, A. and {Ristorcelli}, I. and {Rocha}, G. and {Rosset}, C. and {Rossetti}, M. and {Roudier}, G. and {Rouill{\'e} d'Orfeuil}, B. and {Rowan-Robinson}, M. and {Rubi{\~n}o-Mart{\'\i}n}, J.~A. and {Rusholme}, B. and {Said}, N. and {Salvatelli}, V. and {Salvati}, L. and {Sandri}, M. and {Santos}, D. and {Savelainen}, M. and {Savini}, G. and {Scott}, D. and {Seiffert}, M.~D. and {Serra}, P. and {Shellard}, E.~P.~S. and {Spencer}, L.~D. and {Spinelli}, M. and {Stolyarov}, V. and {Stompor}, R. and {Sudiwala}, R. and {Sunyaev}, R. and {Sutton}, D. and {Suur-Uski}, A. -S. and {Sygnet}, J. -F. and {Tauber}, J.~A. and {Terenzi}, L. and {Toffolatti}, L. and {Tomasi}, M. and {Tristram}, M. and {Trombetti}, T. and {Tucci}, M. and {Tuovinen}, J. and {T{\"u}rler}, M. and {Umana}, G. and {Valenziano}, L. and {Valiviita}, J. and {Van Tent}, F. and {Vielva}, P. and {Villa}, F. and {Wade}, L.~A. and {Wandelt}, B.~D. and {Wehus}, I.~K. and {White}, M. and {White}, S.~D.~M. and {Wilkinson}, A. and {Yvon}, D. and {Zacchei}, A. and {Zonca}, A.},
        title = {Planck 2015 results. XIII. Cosmological parameters},
      journal = {The Astrophysical Journal},
     keywords = {cosmology: observations, cosmology: theory, cosmic background radiation, cosmological parameters, Astrophysics - Cosmology and Nongalactic Astrophysics},
         year = 2016,
        month = sep,
       volume = {594},
          eid = {A13},
        pages = {A13},
          doi = {10.1051/0004-6361/201525830},
archivePrefix = {arXiv},
       eprint = {1502.01589},
 primaryClass = {astro-ph.CO},
       adsurl = {https://ui.adsabs.harvard.edu/abs/2016A&A...594A..13P},
      adsnote = {Provided by the SAO/NASA Astrophysics Data System}
}


@article{Zanisi2019,
   title={Galaxy sizes and the galaxy–halo connection – I. The remarkable tightness of the size distributions},
   volume={492},
   ISSN={1365-2966},
   url={http://dx.doi.org/10.1093/mnras/stz3516},
   DOI={10.1093/mnras/stz3516},
   number={2},
   journal={Monthly Notices of the Royal Astronomical Society},
   publisher={Oxford University Press (OUP)},
   author={Zanisi, Lorenzo and Shankar, Francesco and Lapi, Andrea and Menci, Nicola and Bernardi, Mariangela and Duckworth, Christopher and Huertas-Company, Marc and Grylls, Philip and Salucci, Paolo},
   year={2019},
   month=dec,
   pages={1671–1690}
}

@article{Lelli2019,
   title={The baryonic Tully–Fisher relation for different velocity definitions and implications for galaxy angular momentum},
   volume={484},
   ISSN={1365-2966},
   url={http://dx.doi.org/10.1093/mnras/stz205},
   DOI={10.1093/mnras/stz205},
   number={3},
   journal={Monthly Notices of the Royal Astronomical Society},
   publisher={Oxford University Press (OUP)},
   author={Lelli, Federico and McGaugh, Stacy S and Schombert, James M and Desmond, Harry and Katz, Harley},
   year={2019},
   month=jan,
   pages={3267–3278}
}

@article{Marinacci2018,
   title={First results from the IllustrisTNG simulations: radio haloes and magnetic fields},
   ISSN={1365-2966},
   url={http://dx.doi.org/10.1093/mnras/sty2206},
   DOI={10.1093/mnras/sty2206},
   journal={Monthly Notices of the Royal Astronomical Society},
   publisher={Oxford University Press (OUP)},
   author={Marinacci, Federico and Vogelsberger, Mark and Pakmor, Rüdiger and Torrey, Paul and Springel, Volker and Hernquist, Lars and Nelson, Dylan and Weinberger, Rainer and Pillepich, Annalisa and Naiman, Jill and et al.},
   year={2018},
   month=aug
}

@article{Nelson2017,
   title={First results from the IllustrisTNG simulations: the galaxy colour bimodality},
   volume={475},
   ISSN={1365-2966},
   url={http://dx.doi.org/10.1093/mnras/stx3040},
   DOI={10.1093/mnras/stx3040},
   number={1},
   journal={Monthly Notices of the Royal Astronomical Society},
   publisher={Oxford University Press (OUP)},
   author={Nelson, Dylan and Pillepich, Annalisa and Springel, Volker and Weinberger, Rainer and Hernquist, Lars and Pakmor, Rüdiger and Genel, Shy and Torrey, Paul and Vogelsberger, Mark and Kauffmann, Guinevere and et al.},
   year={2017},
   month=nov,
   pages={624–647}
}

@article{Naiman2018,
   title={First results from the IllustrisTNG simulations: a tale of two elements – chemical evolution of magnesium and europium},
   volume={477},
   ISSN={1365-2966},
   url={http://dx.doi.org/10.1093/mnras/sty618},
   DOI={10.1093/mnras/sty618},
   number={1},
   journal={Monthly Notices of the Royal Astronomical Society},
   publisher={Oxford University Press (OUP)},
   author={Naiman, Jill P and Pillepich, Annalisa and Springel, Volker and Ramirez-Ruiz, Enrico and Torrey, Paul and Vogelsberger, Mark and Pakmor, Rüdiger and Nelson, Dylan and Marinacci, Federico and Hernquist, Lars and et al.},
   year={2018},
   month=mar,
   pages={1206–1224}
}

@article{Pillepich2017,
   title={First results from the IllustrisTNG simulations: the stellar mass content of groups and clusters of galaxies},
   volume={475},
   ISSN={1365-2966},
   url={http://dx.doi.org/10.1093/mnras/stx3112},
   DOI={10.1093/mnras/stx3112},
   number={1},
   journal={Monthly Notices of the Royal Astronomical Society},
   publisher={Oxford University Press (OUP)},
   author={Pillepich, Annalisa and Nelson, Dylan and Hernquist, Lars and Springel, Volker and Pakmor, Rüdiger and Torrey, Paul and Weinberger, Rainer and Genel, Shy and Naiman, Jill P and Marinacci, Federico and et al.},
   year={2017},
   month=dec,
   pages={648–675}
}

@article{Springel2017,
   title={First results from the IllustrisTNG simulations: matter and galaxy clustering},
   volume={475},
   ISSN={1365-2966},
   url={http://dx.doi.org/10.1093/mnras/stx3304},
   DOI={10.1093/mnras/stx3304},
   number={1},
   journal={Monthly Notices of the Royal Astronomical Society},
   publisher={Oxford University Press (OUP)},
   author={Springel, Volker and Pakmor, Rüdiger and Pillepich, Annalisa and Weinberger, Rainer and Nelson, Dylan and Hernquist, Lars and Vogelsberger, Mark and Genel, Shy and Torrey, Paul and Marinacci, Federico and et al.},
   year={2017},
   month=dec,
   pages={676–698}
}

@article{Lu2020,
   title={Redshift evolution of the Fundamental Plane relation in the IllustrisTNG simulation},
   volume={492},
   ISSN={1365-2966},
   url={http://dx.doi.org/10.1093/mnras/staa173},
   DOI={10.1093/mnras/staa173},
   number={4},
   journal={Monthly Notices of the Royal Astronomical Society},
   publisher={Oxford University Press (OUP)},
   author={Lu, Shengdong and Xu, Dandan and Wang, Yunchong and Mao, Shude and Ge, Junqiang and Springel, Volker and Wang, Yuan and Vogelsberger, Mark and Naiman, Jill and Hernquist, Lars},
   year={2020},
   month=jan,
   pages={5930–5939}
}

@ARTICLE{Chabrier_2003,
       author = {{Chabrier}, Gilles},
        title = "{Galactic Stellar and Substellar Initial Mass Function}",
      journal = {Publications of the Astronomical Society of the Pacific},
     keywords = {Galaxies: Luminosity Function, Mass Function, Invited Reviews, Astrophysics},
         year = 2003,
        month = jul,
       volume = {115},
       number = {809},
        pages = {763-795},
          doi = {10.1086/376392},
archivePrefix = {arXiv},
       eprint = {astro-ph/0304382},
 primaryClass = {astro-ph},
       adsurl = {https://ui.adsabs.harvard.edu/abs/2003PASP..115..763C},
      adsnote = {Provided by the SAO/NASA Astrophysics Data System}
}

@ARTICLE{Bryant_2015,
       author = {{Bryant}, J.~J. and {Owers}, M.~S. and {Robotham}, A.~S.~G. and {Croom}, S.~M. and {Driver}, S.~P. and {Drinkwater}, M.~J. and {Lorente}, N.~P.~F. and {Cortese}, L. and {Scott}, N. and {Colless}, M. and {Schaefer}, A. and {Taylor}, E.~N. and {Konstantopoulos}, I.~S. and {Allen}, J.~T. and {Baldry}, I. and {Barnes}, L. and {Bauer}, A.~E. and {Bland-Hawthorn}, J. and {Bloom}, J.~V. and {Brooks}, A.~M. and {Brough}, S. and {Cecil}, G. and {Couch}, W. and {Croton}, D. and {Davies}, R. and {Ellis}, S. and {Fogarty}, L.~M.~R. and {Foster}, C. and {Glazebrook}, K. and {Goodwin}, M. and {Green}, A. and {Gunawardhana}, M.~L. and {Hampton}, E. and {Ho}, I. -T. and {Hopkins}, A.~M. and {Kewley}, L. and {Lawrence}, J.~S. and {Leon-Saval}, S.~G. and {Leslie}, S. and {McElroy}, R. and {Lewis}, G. and {Liske}, J. and {L{\'o}pez-S{\'a}nchez}, {\'A}. R. and {Mahajan}, S. and {Medling}, A.~M. and {Metcalfe}, N. and {Meyer}, M. and {Mould}, J. and {Obreschkow}, D. and {O'Toole}, S. and {Pracy}, M. and {Richards}, S.~N. and {Shanks}, T. and {Sharp}, R. and {Sweet}, S.~M. and {Thomas}, A.~D. and {Tonini}, C. and {Walcher}, C.~J.},
        title = "{The SAMI Galaxy Survey: instrument specification and target selection}",
      journal = {Monthly Notices of the Royal Astronomical Society},
     keywords = {instrumentation: miscellaneous, instrumentation: spectrographs, techniques: imaging spectroscopy, surveys, galaxies: evolution, galaxies: kinematics and dynamics, Astrophysics - Astrophysics of Galaxies},
         year = 2015,
        month = mar,
       volume = {447},
       number = {3},
        pages = {2857-2879},
          doi = {10.1093/mnras/stu2635},
archivePrefix = {arXiv},
       eprint = {1407.7335},
 primaryClass = {astro-ph.GA},
       adsurl = {https://ui.adsabs.harvard.edu/abs/2015MNRAS.447.2857B},
      adsnote = {Provided by the SAO/NASA Astrophysics Data System}
}

@ARTICLE{Wolf_2010,
       author = {{Wolf}, Joe and {Martinez}, Gregory D. and {Bullock}, James S. and {Kaplinghat}, Manoj and {Geha}, Marla and {Mu{\~n}oz}, Ricardo R. and {Simon}, Joshua D. and {Avedo}, Frank F.},
        title = "{Accurate masses for dispersion-supported galaxies}",
      journal = {Monthly Notices of the Royal Astronomical Society},
     keywords = {galaxies: dwarf, galaxies: elliptical and lenticular, cD, galaxies: formation, galaxies: kinematics and dynamics, dark matter, Astrophysics - Cosmology and Nongalactic Astrophysics, Astrophysics - Astrophysics of Galaxies},
         year = 2010,
        month = aug,
       volume = {406},
       number = {2},
        pages = {1220-1237},
          doi = {10.1111/j.1365-2966.2010.16753.x},
archivePrefix = {arXiv},
       eprint = {0908.2995},
 primaryClass = {astro-ph.CO},
       adsurl = {https://ui.adsabs.harvard.edu/abs/2010MNRAS.406.1220W},
      adsnote = {Provided by the SAO/NASA Astrophysics Data System}
}

@ARTICLE{Taylor_2011,
       author = {{Taylor}, Edward N. and {Hopkins}, Andrew M. and {Baldry}, Ivan K. and {Brown}, Michael J.~I. and {Driver}, Simon P. and {Kelvin}, Lee S. and {Hill}, David T. and {Robotham}, Aaron S.~G. and {Bland-Hawthorn}, Joss and {Jones}, D.~H. and {Sharp}, R.~G. and {Thomas}, Daniel and {Liske}, Jochen and {Loveday}, Jon and {Norberg}, Peder and {Peacock}, J.~A. and {Bamford}, Steven P. and {Brough}, Sarah and {Colless}, Matthew and {Cameron}, Ewan and {Conselice}, Christopher J. and {Croom}, Scott M. and {Frenk}, C.~S. and {Gunawardhana}, Madusha and {Kuijken}, Konrad and {Nichol}, R.~C. and {Parkinson}, H.~R. and {Phillipps}, S. and {Pimbblet}, K.~A. and {Popescu}, C.~C. and {Prescott}, Matthew and {Sutherland}, W.~J. and {Tuffs}, R.~J. and {van Kampen}, Eelco and {Wijesinghe}, D.},
        title = "{Galaxy And Mass Assembly (GAMA): stellar mass estimates}",
      journal = {Monthly Notices of the Royal Astronomical Society},
     keywords = {catalogues, galaxies: evolution, galaxies: formation, galaxies: fundamental parameters, galaxies: stellar content, Astrophysics - Cosmology and Extragalactic Astrophysics},
         year = 2011,
        month = dec,
       volume = {418},
       number = {3},
        pages = {1587-1620},
          doi = {10.1111/j.1365-2966.2011.19536.x},
archivePrefix = {arXiv},
       eprint = {1108.0635},
 primaryClass = {astro-ph.CO},
       adsurl = {https://ui.adsabs.harvard.edu/abs/2011MNRAS.418.1587T},
      adsnote = {Provided by the SAO/NASA Astrophysics Data System}
}

